@misc{ke2019option,
  author = {Ke, Alexander and Yang, Andrew},
  title = {Option Pricing with Deep Learning},
  howpublished = {CS230: Deep Learning, Fall 2019, Stanford University, CA},
  year = {2019}
}

@inproceedings{malliaris1993beating,
  author = {Malliaris, A.G. and Salchenberger, L.M.},
  title = {Beating the Best: A Neural Network Challenges the Black-Scholes Formula},
  booktitle = {Proceedings of 9th IEEE Conference on Artificial Intelligence for Applications},
  year = {1993},
  pages = {445--449},
  organization = {IEEE}
}

@article{leRoux2001,
  author = {le Roux, L.J. and du Toit, G.S.},
  title = {Emulating the Black \& Scholes Model with a Neural Network},
  journal = {Southern African Business Review},
  volume = {5},
  number = {1},
  pages = {54--57},
  year = {2001}
}

@article{mitra2012option,
  author = {Mitra, S.K.},
  title = {An Option Pricing Model that Combines Neural Network Approach and Black-Scholes Formula},
  journal = {Global Journal of Computer Science and Technology},
  volume = {12},
  number = {4},
  pages = {1--9},
  year = {2012}
}

@article{can2014nonparametric,
  author = {Can, M. and Fadda, S.},
  title = {A Nonparametric Approach to Pricing Options using Learning Networks},
  journal = {Southeast Europe Journal of Soft Computing},
  volume = {3},
  number = {1},
  year = {2014}
}

@article{ruf2020neural,
  author = {Ruf, Johannes and Wang, Weiguan},
  title = {Neural Networks for Option Pricing and Hedging: A Literature Review},
  journal = {Journal of Computational Finance},
  volume = {24},
  number = {4},
  year = {2020},
  pages = {91--120},
  eprint = {arXiv:1911.05620}
}

@misc{optionmetrics,
  author = {{Wharton Research Data Services}},
  title = {{IvyDB US by OptionMetrics (optionm\_all)}},
  howpublished = {\url{https://wrds.wharton.upenn.edu/}},
  year = {2022},
  note = {Accessed: 2023-04-25}
}